%% This BibTeX bibliography file was created using BibDesk.
%% http://bibdesk.sourceforge.net/

%% Created for Molly at 2017-09-14 19:06:19 -0500 


%% Saved with string encoding Unicode (UTF-8) 



@article{dediu,
	Author = {Dediu, D.},
	Date-Added = {2017-09-14 23:15:31 +0000},
	Date-Modified = {2017-09-15 00:06:19 +0000},
	Journal = {Language Dynamics and Change},
	Title = {Making Genealogical Language Classifications Available for Phylogenetic Analysis: Newick Trees, Unified Identifiers, and Branch Length. },
	Year = {in press}}

@article{bakker2009adding,
	Author = {Bakker, Dik and M{\"u}ller, Andr{\'e} and Velupillai, Viveka and Wichmann, S{\o}ren and Brown, Cecil H and Brown, Pamela and Egorov, Dmitry and Mailhammer, Robert and Grant, Anthony and Holman, Eric W},
	Date-Added = {2017-09-14 14:36:35 +0000},
	Date-Modified = {2017-09-14 14:36:35 +0000},
	Journal = {Linguistic Typology},
	Number = {1},
	Pages = {169--181},
	Title = {Adding typology to lexicostatistics: A combined approach to language classification},
	Volume = {13},
	Year = {2009}}

@data{boschee2015,
	Author = {Boschee, Elizabeth and Lautenschlager, Jennifer and O'Brien, Sean and Shellman, Steve and Starz, James and Ward, Michael},
	Date-Added = {2017-09-14 14:36:35 +0000},
	Date-Modified = {2017-09-14 22:21:56 +0000},
	Doi = {10.7910/DVN/28075},
	Publisher = {Harvard Dataverse},
	Title = {{ICEWS} Coded Event Data},
	Url = {http://dx.doi.org/10.7910/DVN/28075},
	Year = {2017},
	Bdsk-Url-1 = {http://dx.doi.org/10.7910/DVN/28075}}

@article{brennan1996conceptual,
	Author = {Brennan, Susan E and Clark, Herbert H},
	Date-Added = {2017-09-14 14:36:35 +0000},
	Date-Modified = {2017-09-14 14:36:35 +0000},
	Journal = {Journal of Experimental Psychology: Learning, Memory, and Cognition},
	Number = {6},
	Pages = {1482},
	Publisher = {American Psychological Association},
	Title = {Conceptual pacts and lexical choice in conversation.},
	Volume = {22},
	Year = {1996}}

@article{deng2009imagenet,
	Author = {Deng, Jia},
	Booktitle = {Computer Vision and Pattern Recognition 2009},
	Date-Added = {2017-09-14 14:36:35 +0000},
	Date-Modified = {2017-09-14 14:45:34 +0000},
	Pages = {248--255},
	Title = {Imagenet: A large-scale hierarchical image database},
	Year = {2009}}

@article{Huttenlocher93comparingimages,
	Author = {Daniel P. Huttenlocher and Gregory  Klanderman and William Rucklidge},
	Date-Added = {2017-09-14 14:36:35 +0000},
	Date-Modified = {2017-09-14 22:24:09 +0000},
	Journal = {{IEEE} Transactions on Pattern Analysis and Machine Intelligence},
	Pages = {850--863},
	Title = {Comparing Images Using the Hausdorff Distance},
	Volume = {15},
	Year = {1993}}

@article{taha2015efficient,
	Author = {Taha, Abdel Aziz and Hanbury, Allan},
	Date-Added = {2017-09-14 14:36:35 +0000},
	Date-Modified = {2017-09-14 14:36:35 +0000},
	Journal = {IEEE transactions on pattern analysis and machine intelligence},
	Number = {11},
	Pages = {2153--2163},
	Publisher = {IEEE},
	Title = {An efficient algorithm for calculating the exact Hausdorff distance},
	Volume = {37},
	Year = {2015}}

@article{wierzbicka2012understanding,
	Author = {Wierzbicka, Anna},
	Date-Added = {2017-09-14 14:36:35 +0000},
	Date-Modified = {2017-09-14 14:36:35 +0000},
	Journal = {Pragmatics \& Cognition},
	Number = {2},
	Pages = {356--379},
	Publisher = {John Benjamins Publishing Company},
	Title = {Understanding others requires shared concepts},
	Volume = {20},
	Year = {2012}}

@article{pinker_90_natural,
	Author = {S. Pinker and P. Bloom},
	Journal = {Behavioral and Brain Sciences},
	Pages = {707--784},
	Title = {Natural language and natural selection},
	Volume = 13,
	Year = 1990}

@book{tomasello_03_constructing,
	Address = {Cambridge, MA},
	Author = {Tomasello, M.},
	Publisher = {Harvard University Press},
	Title = {Constructing a language: A usage-based theory of language acquisition.},
	Year = 2003}

@incollection{hauser_03_uniquely,
	Address = {Oxford},
	Author = {M. D. Hauser and W. T. Fitch},
	Booktitle = {Language Evolution},
	Editor = {M. H. Christiansen and S. Kirby},
	Pages = {158--181},
	Publisher = {Oxford University Press},
	Title = {What are the uniquely human components of the language faculty?},
	Year = 2003}
